@inproceedings{sbsi,
  author = {Saldanha, M. S. and Digiampietri, L. A.},
  title = {ChatGPT and Bard Performance on the POSCOMP Exam},
  booktitle = {Proceedings of the 20th Brazilian Symposium on Information Systems},
  year = {2024},
  month = {May},
  pages = {1-10}
}

@misc{ashrafimoghari2024evaluatinglargelanguagemodels,
      title={Evaluating large language models on the GMAT: Implications for the future of business education}, 
      author={Ashrafimoghari, V. and Gürkan, N. and Suchow, J. W.},
      year={2024},
      eprint={2401.02985},
      archivePrefix={arXiv},
      primaryClass={cs.CL}
}

@article{kung2023performance,
  title={Performance of ChatGPT on USMLE: potential for AI-assisted medical education using large language models},
  author={Kung, T. H. and Cheatham, M. and Medenilla, A. and Sillos, C. and De Leon, L. and Elepa{\~n}o, C. and others},
  journal={PLOS Digit Health},
  volume={2},
  number={2},
  pages={e0000198},
  year={2023},
  publisher={Public Library of Science}
}

@misc{bordt2023chatgptparticipatescomputerscience,
      title={Chatgpt participates in a computer science exam}, 
      author={Bordt, S. and von Luxburg, U.},
      year={2023},
      eprint={2303.09461},
      archivePrefix={arXiv},
      primaryClass={cs.CL}
}

@book{caseli2024processamento,
  editor    = {Caseli, H. M. and Nunes, M. G. V.},
  title     = {Processamento de Linguagem Natural: Conceitos, Técnicas e Aplicações em Português},
  year      = {2024},
  publisher = {BPLN},
  edition   = {2}
}

@article{weizenbaum1966eliza,
  author = {Weizenbaum, J.},
  title = {ELIZA---A Computer Program For the Study of Natural Language Communication Between Man and Machine},
  journal = {Communications of the ACM},
  volume = {9},
  number = {1},
  pages = {36--45},
  year = {1966},
  doi = {10.1145/365153.365168}
}

@misc{vaswani2023attentionneed,
      title={Attention Is All You Need}, 
      author={Vaswani, A. and Shazeer, N. and Parmar, N. and Uszkoreit, J. and Jones, L. and Gomez, A. N. and Kaiser, L. and Polosukhin, I.},
      year={2023},
      eprint={1706.03762},
      archivePrefix={arXiv},
      primaryClass={cs.CL}
}

@misc{zhao2023survey,
      title={A Survey of Large Language Models}, 
      author={Zhao, W. X. et al.},
      year={2023},
      eprint={2303.18223},
      archivePrefix={arXiv},
      primaryClass={cs.CL}
}